@misc{Book,
  title = {{The Pairing Heap: A new form of self-adjusting heap}},
  note = {on-line at: \url{http://www.cs.cmu.edu/~sleator/papers/pairing-heaps.pdf}},
  author = {Michael L. Fredman and Robert Sedgewick and Daniel D. Sleator and Robert E. Tarjan},
  year = {1986}
}

@misc{Slides,
  title = {{Fibonacci Heaps}},
  note = {on-line at: \url{https://www.cs.princeton.edu/~wayne/teaching/fibonacci-heap.pdf}},
  author = {Princeton}
}
